@string{abntex.doc.header = {$Header: /home/kaladin/theo/essays/at1-qa-01/abntex-doc.bib}}

@ABNT-options{ABNT-default,
 abnt-emphasize="\emph",
 abnt-repeated-field-omit="no",
 abnt-full-initials="no",
 abnt-show-options="warn",
 abnt-thesis-year="final",
 key="x"}
@ABNT-options{ABNT-options0,
 abnt-show-options="list",
 key="a"}
@ABNT-options{ABNT-options-bf,
 abnt-emphasize="\textbf",
 key="x"}
@ABNT-options{ABNT-options1,
 abnt-full-initials="yes",
 key="x"}
@ABNT-options{ABNT-options2,
 abnt-full-initials="no",
 key="x"}
@ABNT-options{ABNT-options3,
 abnt-thesis-year="title",
 key="x"}
@ABNT-options{ABNT-options4,
 abnt-thesis-year="both",
 key="x"}
@ABNT-options{ABNT-options5,
 abnt-thesis-year="final",
 key="x"}
@ABNT-options{ABNT-options6,
 abnt-etal-list=0,
 key="x"}
@ABNT-options{ABNT-final,
 abnt-emphasize="\textbf",
 abnt-repeated-field-omit="no",
 abnt-full-initials="no",
 abnt-show-options="list",
 abnt-thesis-year="final",
 abnt-etal-list=3,
 key="x"}
@ABNT-options{ABNT-barcelos0,
 abnt-thesis-year="title",
 key="x"}
@ABNT-options{ABNT-barcelos1,
 abnt-thesis-year="final",
 key="x"}
@ABNT-options{abnt-no-etal-label,
 abnt-no-etal-label="no",key="aaaa"}
@ABNT-options{abnt-etal-label,
 abnt-no-etal-label="yes",key="aaaa"}
@ABNT-options{7.9.3-2:begin,
 abnt-full-initials="yes",
 key="x"}
@ABNT-options{7.9.3-2:end,
 abnt-full-initials="no",
 key="x"}
@ABNT-options{8.5.2-1:begin,
 abnt-full-initials="yes",
 key="x"}
@ABNT-options{8.5.2-1:end,
 abnt-full-initials="no",
 key="x"}

@book{LASOR,
	Address = {São Paulo - SP},
	Author = {Lasor, William Sanford},
	Date-Added = {2013-08-21 13:48:18 +0000},
	Date-Modified = {2013-08-21 13:55:50 +0000},
	Edition = {2},
	Publisher = {Sociedade Religiosa Edições Vida Nova},
	Title = {Introdu{\c c}{\~a}o ao Antigo Testamento},
	Year = {2002},
	Page = {15}		
}

@book{ARCHER,
	Address = {São Paulo - SP},
	Author = {Archer, Gleason L.},
	Edition = {4},
	Translator = {Gordon Chown},
	Publisher = {Sociedade Religiosa Edições Vida Nova},
	Year = {1986},
	Title = {Merece Confiança o Antigo Testamento?}
	
}
@article{LEONARD,
  author = {Leonard, Thomas C.},
  journal = {Journal of Economic Behavior \& Organization},
  number = {1},
  title = {Origins of the myth of social Darwinism: The ambiguous legacy of Richard Hofstadter's Social Darwinism in American Thought},
  volume = {71},
  year = {2009},
  month = jul,
  pages = {37-51},
}
 v. 71, n. 1, p. 37-51, jul. 2009}

ARCHER JR., G. \textbf{Merece Confiança o Antigo Testamento?} Tradução: Gordon Chown. 4. ed. São Paulo, SP: Sociedade Religiosa Edições Vida Nova, p. 495