@string{abntex.doc.header = {$Header: /home/kaladin/theo/essays/at1-qa-01/abntex-doc.bib}}

@ABNT-options{ABNT-default,
 abnt-emphasize="\emph",
 abnt-repeated-field-omit="no",
 abnt-full-initials="no",
 abnt-show-options="warn",
 abnt-thesis-year="final",
 key="x"}
@ABNT-options{ABNT-options0,
 abnt-show-options="list",
 key="a"}
@ABNT-options{ABNT-options-bf,
 abnt-emphasize="\textbf",
 key="x"}
@ABNT-options{ABNT-options1,
 abnt-full-initials="yes",
 key="x"}
@ABNT-options{ABNT-options2,
 abnt-full-initials="no",
 key="x"}
@ABNT-options{ABNT-options3,
 abnt-thesis-year="title",
 key="x"}
@ABNT-options{ABNT-options4,
 abnt-thesis-year="both",
 key="x"}
@ABNT-options{ABNT-options5,
 abnt-thesis-year="final",
 key="x"}
@ABNT-options{ABNT-options6,
 abnt-etal-list=0,
 key="x"}
@ABNT-options{ABNT-final,
 abnt-emphasize="\textbf",
 abnt-repeated-field-omit="no",
 abnt-full-initials="no",
 abnt-show-options="list",
 abnt-thesis-year="final",
 abnt-etal-list=3,
 key="x"}
@ABNT-options{ABNT-barcelos0,
 abnt-thesis-year="title",
 key="x"}
@ABNT-options{ABNT-barcelos1,
 abnt-thesis-year="final",
 key="x"}
@ABNT-options{abnt-no-etal-label,
 abnt-no-etal-label="no",key="aaaa"}
@ABNT-options{abnt-etal-label,
 abnt-no-etal-label="yes",key="aaaa"}
@ABNT-options{7.9.3-2:begin,
 abnt-full-initials="yes",
 key="x"}
@ABNT-options{7.9.3-2:end,
 abnt-full-initials="no",
 key="x"}
@ABNT-options{8.5.2-1:begin,
 abnt-full-initials="yes",
 key="x"}
@ABNT-options{8.5.2-1:end,
 abnt-full-initials="no",
 key="x"}

@book{CAIRNS,
	Address = {São Paulo - SP},
	Author = {Cairns, Earle E.},
	Date-Added = {2013-08-21 13:48:18 +0000},
	Date-Modified = {2013-08-21 13:55:50 +0000},
	Edition = {3},
	Publisher = {Sociedade Religiosa Edições Vida Nova},
	Title = {O Cristianismo Através dos Séculos},
	Year = {2008}
}
@book{DOOL,
	Address = {New York - NY},
	Author = {Killen, William Dool},
	Date-Added = {2013-08-21 13:48:18 +0000},
	Date-Modified = {2013-08-21 13:55:50 +0000},
	Edition = {2},
	Publisher = {A.D.F. Randolph \& Co},
	Title = {The Ancient Church: its history, doctrine, worship, and constitution, traced for the first three hundred years},
	Year = {1883}
}

@book{WEINLICK,
	Address = {Bethlehem - PA},
	Author = {Weinlick, John R.},
	Date-Added = {2013-08-21 13:48:18 +0000},
	Date-Modified = {2013-08-21 13:55:50 +0000},
	Edition = {1},
	Publisher = {Interprovincial Board of Comm},
	Title = {The Moravian Church Through the Ages},
	Year = {1989}
}

@book{ATWOOD,
	Address = {University Park - PA},
	Author = {Atwood, Craig D.},
	Date-Added = {2013-08-21 13:48:18 +0000},
	Date-Modified = {2013-08-21 13:55:50 +0000},
	Edition = {1},
	Publisher = {Penn State University Press},
	Title = {The Theology of the Czech Brethren from Hus to Comenius},
	Year = {2013}
}

@ARTICLE{LOPES,
	Author = {Lopes, Edson Pereira},
	Title = {Escatologia e Milenarismo na História da Igreja Cristã},
	Journal = {Revista Ciências Da Religião - História E Sociedade},
	Year = {2011},
	Volume = {9},
	Number = {1},
	Url = {https://editorarevistas.mackenzie.br/index.php/cr/article/view/3294}
}