@string{abntex.doc.header = {$Header: /home/kaladin/theo/essays/at1-qa-01/abntex-doc.bib}}

@ABNT-options{ABNT-default,
 abnt-emphasize="\emph",
 abnt-repeated-field-omit="no",
 abnt-full-initials="no",
 abnt-show-options="warn",
 abnt-thesis-year="final",
 key="x"}
@ABNT-options{ABNT-options0,
 abnt-show-options="list",
 key="a"}
@ABNT-options{ABNT-options-bf,
 abnt-emphasize="\textbf",
 key="x"}
@ABNT-options{ABNT-options1,
 abnt-full-initials="yes",
 key="x"}
@ABNT-options{ABNT-options2,
 abnt-full-initials="no",
 key="x"}
@ABNT-options{ABNT-options3,
 abnt-thesis-year="title",
 key="x"}
@ABNT-options{ABNT-options4,
 abnt-thesis-year="both",
 key="x"}
@ABNT-options{ABNT-options5,
 abnt-thesis-year="final",
 key="x"}
@ABNT-options{ABNT-options6,
 abnt-etal-list=0,
 key="x"}
@ABNT-options{ABNT-final,
 abnt-emphasize="\textbf",
 abnt-repeated-field-omit="no",
 abnt-full-initials="no",
 abnt-show-options="list",
 abnt-thesis-year="final",
 abnt-etal-list=3,
 key="x"}
@ABNT-options{ABNT-barcelos0,
 abnt-thesis-year="title",
 key="x"}
@ABNT-options{ABNT-barcelos1,
 abnt-thesis-year="final",
 key="x"}
@ABNT-options{abnt-no-etal-label,
 abnt-no-etal-label="no",key="aaaa"}
@ABNT-options{abnt-etal-label,
 abnt-no-etal-label="yes",key="aaaa"}
@ABNT-options{7.9.3-2:begin,
 abnt-full-initials="yes",
 key="x"}
@ABNT-options{7.9.3-2:end,
 abnt-full-initials="no",
 key="x"}
@ABNT-options{8.5.2-1:begin,
 abnt-full-initials="yes",
 key="x"}
@ABNT-options{8.5.2-1:end,
 abnt-full-initials="no",
 key="x"}

@book{SHELLEY,
	Address = {Rio de Janeiro - RJ},
	Author = {Shelley, Bruce L.},
	Date-Added = {2013-08-21 13:48:18 +0000},
	Date-Modified = {2013-08-21 13:55:50 +0000},
	Edition = {1},
	Publisher = {Editora Thomas Nelson},
	Title = {História do cristianismo: uma obra completa e atual sobre a trajetória da igreja cristã desde as origens até o século XXI},
	Year = {2018}
}

@book{CAIRNS,
	Address = {São Paulo - SP},
	Author = {Cairns, Earle E.},
	Date-Added = {2013-08-21 13:48:18 +0000},
	Date-Modified = {2013-08-21 13:55:50 +0000},
	Edition = {3},
	Publisher = {Sociedade Religiosa Edições Vida Nova},
	Title = {O cristianismo através dos séculos: uma história da igreja cristã},
	Year = {2008}
}

@book{LINDBERG,
	Address = {Rio de Janeiro - RJ},
	Author = {Lindberg, Carter},
	Date-Added = {2013-08-21 13:48:18 +0000},
	Date-Modified = {2013-08-21 13:55:50 +0000},
	Edition = {1},
	Publisher = {Thomas Nelson Brasil},
	Title = {História da Reforma},
	Year = {2024}
}

@book{WESLEY,
	Address = {São Bernardo - SP},
	Author = {Wesley, John},
	Date-Added = {2013-08-21 13:48:18 +0000},
	Date-Modified = {2013-08-21 13:55:50 +0000},
	Edition = {2},
	Publisher = {Angular Editora},
	Title = {O diário de John Wesley},
	Year = {2017},
	Translator = {Izilda Bella}
}

@book{HEMPTON,
	Address = {London - UK},
	Author = {Hempton, David},
	Date-Added = {2013-08-21 13:48:18 +0000},
	Date-Modified = {2013-08-21 13:55:50 +0000},
	Volume = {31},
	Publisher = {Routledge, Taylor \& Francis Group},
	Title = {Methodism and Politics in British Society 1750-1850},
	Year = {2012}
}

@online{DORNELLAS,
  author = {Dornellas, João W.},
  title = {Pequena História do Povo Chamado Metodista},
  Address = {Rio de Janeiro - RJ},
  Publisher = {Igreja Metodista do Brasil},
  year = {1996},
  url = {http://metodistamaringa.com.br/wp-content/uploads/2016/06/Pequena-Historia-do-Povo-Chamado-Metodista.pdf},
  urlaccessdate = {23 set. 2025}
}

@online{FERNANDES,
  author = {Fernandes, Andreia},
  title = {A história da Escola Dominical},
  Address = {Planalto Paulista - SP},
  Publisher = {Igreja Metodista do Brasil},
  year = {2022},
  url = {https://www.metodista.org.br/a-historia-da-escola-dominical/},
  urlaccessdate = {23 set. 2025}
}

@book{FERREIRA,
  author = {Ferreira, Franklin},
  title = {A igreja Cristã na História: Das origens aos dias atuais},
  Address = {São Paulo - SP},
  Publisher = {Vida Nova},
  year = {2013},
  Date-Added = {2013-08-21 13:48:18 +0000},
  Date-Modified = {2013-08-21 13:55:50 +0000},
  Edition = {1},
}