@string{abntex.doc.header = {$Header: /home/kaladin/theo/essays/at1-qa-01/abntex-doc.bib}}

@ABNT-options{ABNT-default,
 abnt-emphasize="\emph",
 abnt-repeated-field-omit="no",
 abnt-full-initials="no",
 abnt-show-options="warn",
 abnt-thesis-year="final",
 key="x"}
@ABNT-options{ABNT-options0,
 abnt-show-options="list",
 key="a"}
@ABNT-options{ABNT-options-bf,
 abnt-emphasize="\textbf",
 key="x"}
@ABNT-options{ABNT-options1,
 abnt-full-initials="yes",
 key="x"}
@ABNT-options{ABNT-options2,
 abnt-full-initials="no",
 key="x"}
@ABNT-options{ABNT-options3,
 abnt-thesis-year="title",
 key="x"}
@ABNT-options{ABNT-options4,
 abnt-thesis-year="both",
 key="x"}
@ABNT-options{ABNT-options5,
 abnt-thesis-year="final",
 key="x"}
@ABNT-options{ABNT-options6,
 abnt-etal-list=0,
 key="x"}
@ABNT-options{ABNT-final,
 abnt-emphasize="\textbf",
 abnt-repeated-field-omit="no",
 abnt-full-initials="no",
 abnt-show-options="list",
 abnt-thesis-year="final",
 abnt-etal-list=3,
 key="x"}
@ABNT-options{ABNT-barcelos0,
 abnt-thesis-year="title",
 key="x"}
@ABNT-options{ABNT-barcelos1,
 abnt-thesis-year="final",
 key="x"}
@ABNT-options{abnt-no-etal-label,
 abnt-no-etal-label="no",key="aaaa"}
@ABNT-options{abnt-etal-label,
 abnt-no-etal-label="yes",key="aaaa"}
@ABNT-options{7.9.3-2:begin,
 abnt-full-initials="yes",
 key="x"}
@ABNT-options{7.9.3-2:end,
 abnt-full-initials="no",
 key="x"}
@ABNT-options{8.5.2-1:begin,
 abnt-full-initials="yes",
 key="x"}
@ABNT-options{8.5.2-1:end,
 abnt-full-initials="no",
 key="x"}

@book{SHELLEY,
	Address = {Rio de Janeiro - RJ},
	Author = {Shelley, Bruce L.},
	Date-Added = {2013-08-21 13:48:18 +0000},
	Date-Modified = {2013-08-21 13:55:50 +0000},
	Edition = {1},
	Publisher = {Editora Thomas Nelson},
	Title = {História do cristianismo: uma obra completa e atual sobre a trajetória da igreja cristã desde as origens até o século XXI},
	Year = {2018}
}

@book{SHELLEY263,
	Address = {Rio de Janeiro - RJ},
	Author = {Shelley, Bruce L.},
	Date-Added = {2013-08-21 13:48:18 +0000},
	Date-Modified = {2013-08-21 13:55:50 +0000},
	Edition = {1},
	Publisher = {Editora Thomas Nelson},
	Title = {História do cristianismo: uma obra completa e atual sobre a trajetória da igreja cristã desde as origens até o século XXI},
	Year = {2018},
	pages = {263 - 265}
}

@book{CAIRNS,
	Address = {São Paulo - SP},
	Author = {Cairns, Earle E.},
	Date-Added = {2013-08-21 13:48:18 +0000},
	Date-Modified = {2013-08-21 13:55:50 +0000},
	Edition = {3},
	Publisher = {Sociedade Religiosa Edições Vida Nova},
	Title = {O cristianismo através dos séculos: uma história da igreja cristã},
	Year = {2008}
}

@book{CAIRNS259,
	Address = {São Paulo - SP},
	Author = {Cairns, Earle E.},
	Date-Added = {2013-08-21 13:48:18 +0000},
	Date-Modified = {2013-08-21 13:55:50 +0000},
	Edition = {3},
	Publisher = {Sociedade Religiosa Edições Vida Nova},
	Title = {O cristianismo através dos séculos: uma história da igreja cristã},
	Year = {2008},
	pages = {259 - 269}
}

@book{CAIRNS270,
	Address = {São Paulo - SP},
	Author = {Cairns, Earle E.},
	Date-Added = {2013-08-21 13:48:18 +0000},
	Date-Modified = {2013-08-21 13:55:50 +0000},
	Edition = {3},
	Publisher = {Sociedade Religiosa Edições Vida Nova},
	Title = {O cristianismo através dos séculos: uma história da igreja cristã},
	Year = {2008},
	pages = {270 - 274}
}

@book{CAIRNS278,
	Address = {São Paulo - SP},
	Author = {Cairns, Earle E.},
	Date-Added = {2013-08-21 13:48:18 +0000},
	Date-Modified = {2013-08-21 13:55:50 +0000},
	Edition = {3},
	Publisher = {Sociedade Religiosa Edições Vida Nova},
	Title = {O cristianismo através dos séculos: uma história da igreja cristã},
	Year = {2008},
	pages = {278 - 283}
}

@book{LINDBERG,
	Address = {Rio de Janeiro - RJ},
	Author = {Lindberg, Carter},
	Date-Added = {2013-08-21 13:48:18 +0000},
	Date-Modified = {2013-08-21 13:55:50 +0000},
	Edition = {1},
	Publisher = {Thomas Nelson Brasil},
	Title = {História da Reforma},
	Year = {2024}
}

@book{LINDBERG30,
	Address = {Rio de Janeiro - RJ},
	Author = {Lindberg, Carter},
	Date-Added = {2013-08-21 13:48:18 +0000},
	Date-Modified = {2013-08-21 13:55:50 +0000},
	Edition = {1},
	Publisher = {Thomas Nelson Brasil},
	Title = {História da Reforma},
	Year = {2024},
	pages = {30 - 31}
}

@book{LINDBERG387,
	Address = {Rio de Janeiro - RJ},
	Author = {Lindberg, Carter},
	Date-Added = {2013-08-21 13:48:18 +0000},
	Date-Modified = {2013-08-21 13:55:50 +0000},
	Edition = {1},
	Publisher = {Thomas Nelson Brasil},
	Title = {História da Reforma},
	Year = {2024},
	pages = {387 - 392}
}
