@string{abntex.doc.header = {$Header: /home/kaladin/theo/essays/at1-qa-01/abntex-doc.bib}}

@ABNT-options{ABNT-default,
 abnt-emphasize="\emph",
 abnt-repeated-field-omit="no",
 abnt-full-initials="no",
 abnt-show-options="warn",
 abnt-thesis-year="final",
 key="x"}
@ABNT-options{ABNT-options0,
 abnt-show-options="list",
 key="a"}
@ABNT-options{ABNT-options-bf,
 abnt-emphasize="\textbf",
 key="x"}
@ABNT-options{ABNT-options1,
 abnt-full-initials="yes",
 key="x"}
@ABNT-options{ABNT-options2,
 abnt-full-initials="no",
 key="x"}
@ABNT-options{ABNT-options3,
 abnt-thesis-year="title",
 key="x"}
@ABNT-options{ABNT-options4,
 abnt-thesis-year="both",
 key="x"}
@ABNT-options{ABNT-options5,
 abnt-thesis-year="final",
 key="x"}
@ABNT-options{ABNT-options6,
 abnt-etal-list=0,
 key="x"}
@ABNT-options{ABNT-final,
 abnt-emphasize="\textbf",
 abnt-repeated-field-omit="no",
 abnt-full-initials="no",
 abnt-show-options="list",
 abnt-thesis-year="final",
 abnt-etal-list=3,
 key="x"}
@ABNT-options{ABNT-barcelos0,
 abnt-thesis-year="title",
 key="x"}
@ABNT-options{ABNT-barcelos1,
 abnt-thesis-year="final",
 key="x"}
@ABNT-options{abnt-no-etal-label,
 abnt-no-etal-label="no",key="aaaa"}
@ABNT-options{abnt-etal-label,
 abnt-no-etal-label="yes",key="aaaa"}
@ABNT-options{7.9.3-2:begin,
 abnt-full-initials="yes",
 key="x"}
@ABNT-options{7.9.3-2:end,
 abnt-full-initials="no",
 key="x"}
@ABNT-options{8.5.2-1:begin,
 abnt-full-initials="yes",
 key="x"}
@ABNT-options{8.5.2-1:end,
 abnt-full-initials="no",
 key="x"}

@book{BIBLIA,
  title = {A BÍBLIA: Almeida Corrigida Fiel},
  translator = {Rev. Thomas Boys},
  year = {2011},
  publisher = {Sociedade Bíblica Trinitariana do Brasil},
  address = {São Paulo - SP},
  keywords = {Bíblia, Sagrada, Antigo Testamento, Novo Testamento}
}

@book{EDILSON,
  title = {ENTENDENDO MISSÃO E EVANGELISMO NO PENSAMENTO DE DAVID BOSCH},
  author = {Edilson Botelho Nogueira},
  year = {2024},
  publisher = {FLAM - Faculdade Latino-Americana},
  address = {Arujá - SP}
}

@book{BOSCH,
  title = {MISSÃO TRANSFORMADORA — Mudanças de paradigma na teologia da missão},
  author = {Bosch, David J.},
  year = {2002},
  publisher = {Editora Sinodal},
  address = {São Leopoldo - RS},
  edition = {5}
}