@string{abntex.doc.header = {$Header: /home/kaladin/theo/essays/at1-qa-01/abntex-doc.bib}}

@ABNT-options{ABNT-default,
 abnt-emphasize="\emph",
 abnt-repeated-field-omit="no",
 abnt-full-initials="no",
 abnt-show-options="warn",
 abnt-thesis-year="final",
 key="x"}
@ABNT-options{ABNT-options0,
 abnt-show-options="list",
 key="a"}
@ABNT-options{ABNT-options-bf,
 abnt-emphasize="\textbf",
 key="x"}
@ABNT-options{ABNT-options1,
 abnt-full-initials="yes",
 key="x"}
@ABNT-options{ABNT-options2,
 abnt-full-initials="no",
 key="x"}
@ABNT-options{ABNT-options3,
 abnt-thesis-year="title",
 key="x"}
@ABNT-options{ABNT-options4,
 abnt-thesis-year="both",
 key="x"}
@ABNT-options{ABNT-options5,
 abnt-thesis-year="final",
 key="x"}
@ABNT-options{ABNT-options6,
 abnt-etal-list=0,
 key="x"}
@ABNT-options{ABNT-final,
 abnt-emphasize="\textbf",
 abnt-repeated-field-omit="no",
 abnt-full-initials="no",
 abnt-show-options="list",
 abnt-thesis-year="final",
 abnt-etal-list=3,
 key="x"}
@ABNT-options{ABNT-barcelos0,
 abnt-thesis-year="title",
 key="x"}
@ABNT-options{ABNT-barcelos1,
 abnt-thesis-year="final",
 key="x"}
@ABNT-options{abnt-no-etal-label,
 abnt-no-etal-label="no",key="aaaa"}
@ABNT-options{abnt-etal-label,
 abnt-no-etal-label="yes",key="aaaa"}
@ABNT-options{7.9.3-2:begin,
 abnt-full-initials="yes",
 key="x"}
@ABNT-options{7.9.3-2:end,
 abnt-full-initials="no",
 key="x"}
@ABNT-options{8.5.2-1:begin,
 abnt-full-initials="yes",
 key="x"}
@ABNT-options{8.5.2-1:end,
 abnt-full-initials="no",
 key="x"}

@book{LUTERO,
	Address = {São Paulo - SP},
	Author = {Lutero, Martinho},
	Date-Added = {2013-08-21 13:48:18 +0000},
	Date-Modified = {2013-08-21 13:55:50 +0000},
	Edition = {1},
	Publisher = {SciELO-Editora UNESP},
	Title = {Da liberdade do cristão: prefácio a Bíblia},
	Year = {1998},
	pages = {8},
}

@book{JOAO,
  title = {A BÍBLIA: Almeida Corrigida Fiel},
  chapter = {JOÃO},
  translator = {Rev. Thomas Boys},
  year = {2011},
  publisher = {Sociedade Bíblica Trinitariana do Brasil},
  address = {Cidade},
  keywords = {Bíblia, Sagrada, Antigo Testamento, Novo Testamento}
}

@book{WESLEY,
  title = {Seleção das cartas de João Wesley},
  author = {POTTS, J. M.},
  year = {1991},
  edition = {1},
  publisher = {Imprensa Metodista},
  address = {São Bernardo do Campo - SP},
}

@hidden{John,
author = {Wesley, John}
}